@article{okada2020,
  title   = {{視覚と行動のend-to-end学習により経路追従行動を
  オンラインで模倣する手法の提案}},
  author  = {岡田眞也，清岡優祐，上田隆一，林原靖男},
  publisher ={計測自動制御学会},
  journal = {計測自動制御学会SI部門講演会SICE-SI2020 予稿集},
  year    = {2020},
  pages   = {1147-1152}
}
@article{okada2021,
  title   = {{視覚と行動のend-to-end学習により経路追従行動を
  オンラインで模倣する手法の提案 -経路追従行動の修正のためにデータセットを動的に追加する手法の検討-}},
  author  = {岡田眞也，清岡優祐，春山健太，上田隆一，林原靖男},
  publisher ={計測自動制御学会},
  journal = {計測自動制御学会SI部門講演会SICE-SI2021 予稿集},
  year    = {2021},
  pages   = {1066-1070}
}
@article{kiyooka2021,
  title   = {{視覚と行動のend-to-end学習により経路追従行動を
  オンラインで模倣する手法の提案 -経路追従行動の修正のためにデータセットを動的に追加する手法の検討-}},
  author  = {清岡優祐，岡田眞也，岩井一輝，上田隆一，林原靖男},
  publisher ={計測自動制御学会},
  journal = {計測自動制御学会SI部門講演会SICE-SI2021 予稿集},
  year    = {2021}
}
@article{haruyama2022,
  title   = {{視覚と行動のend-to-end学習により経路追従行動をオンラインで模倣する手法の提案 
  ―経路選択機能の追加―}},
  author  = {春山健太，藤原柾，清岡優祐，岡田眞也，上田隆一，林原靖男},
  publisher ={},
  journal = {日本機械学会ロボティクス・メカトロニクス講演会'22予稿集},
  year    = {2022}
}
@article{fujiwara2023,
  title   = {{視覚と行動のend-to-end 学習により経路追従行動をオンラインで模倣する手法の提案
  -実環境における経路選択機能の検証と学習時間の短縮化の検討-}},
  author  = {藤原柾，春山健太，馬場琉生，上田隆一，林原靖男},
  journal = {日本機械学会ロボティクス・メカトロニクス講演会'23予稿集},
  year    = {2023}
}
@article{takahashi2023,
  title   = {{視覚と行動の end-to-end 学習による経路追従行動の模倣
―データセットを収集してオフラインで訓練する手法の検討―}},
  author  = {髙橋祐樹，白須和暉，藤原柾，上田隆一，林原靖男},
  journal = {日本機械学会ロボティクス・メカトロニクス講演会'23予稿集},
  year    = {2023}
}
@article{imai2023,
  title   = {{視覚と行動のend-to-end 学習により経路追従行動をオンラインで模倣する手法の提案
  ー経路への復帰行動の解析と復帰行動を強化する教師データ収集法の検討ー}},
  author  = {今井悠月，清岡優祐，春山健太，上田隆一，林原靖男},
  year    = {2023}
}
@article{shimada2020,
  title   = {{トポロジカルマップを用いたシナリオによるナビゲーションの提案 
  ーシナリオに基づく実ロボットのナビゲーションー}},
  author  = {島田滉己，上田隆一，林原靖男},
  publisher ={計測自動制御学会},
  journal = {計測自動制御学会SI部門講演会SICE2020 予稿集},
  year    = {2020}
}
@article{hara2022,
  title   = {{トポロジカルマップを用いたシナリオによるナビゲーション　
  ー全天球カメラを用いた通路分類手法の提案ー}},
  author  = {春山健太，藤原柾，清岡優祐，岡田眞也，上田隆一，林原靖男},
  publisher ={},
  journal = {日本機械学会ロボティクス・メカトロニクス講演会'22予稿集},
  year    = {2022}
}
@article{hukin,
author = {Kaur, Harsurinder and Pannu, Husanbir Singh and Malhi, Avleen Kaur},
title = {A Systematic Review on Imbalanced Data Challenges in Machine Learning: Applications and Solutions},
year = {2019},
issue_date = {July 2020},
publisher = {Association for Computing Machinery},
address = {New York, NY, USA},
volume = {52},
number = {4},
issn = {0360-0300},
url = {https://doi.org/10.1145/3343440},
doi = {10.1145/3343440},
abstract = {In machine learning, the data imbalance imposes challenges to perform data analytics in almost all areas of real-world research. The raw primary data often suffers from the skewed perspective of data distribution of one class over the other as in the case of computer vision, information security, marketing, and medical science. The goal of this article is to present a comparative analysis of the approaches from the reference of data pre-processing, algorithmic and hybrid paradigms for contemporary imbalance data analysis techniques, and their comparative study in lieu of different data distribution and their application areas.},
journal = {ACM Comput. Surv.},
month = {aug},
articleno = {79},
numpages = {36},
keywords = {data analysis, machine learning, Data imbalance, sampling}
}
@INPROCEEDINGS{cost,
  author={Xu, Jie and Li, Yuxiang and Meng, Fanjun and Zhang, Dashun and Ye, Yalan and Lu, Li},
  booktitle={2021 International Conference on Intelligent Technology and Embedded Systems (ICITES)}, 
  title={Fault Diagnosis on Imbalanced Data Using an Adaptive Cost-sensitive Multiscale Attention Network}, 
  year={2021},
  pages={77-82},
  doi={10.1109/ICITES53477.2021.9637101}
  }
@misc{v3,
      title={Searching for MobileNetV3}, 
      author={Andrew Howard and Mark Sandler and Grace Chu and Liang-Chieh Chen and Bo Chen and Mingxing Tan and Weijun Wang and Yukun Zhu and Ruoming Pang and Vijay Vasudevan and Quoc V. Le and Hartwig Adam},
      year={2019},
      eprint={1905.02244},
      archivePrefix={arXiv},
      primaryClass={cs.CV}
  }

@INPROCEEDINGS{lrcn,
  author={Bhatt, Dhaivat and Sodhi, Danish and Pal, Arghya and Balasubramanian, Vineeth and Krishna, Madhava},
  booktitle={2017 IEEE/RSJ International Conference on Intelligent Robots and Systems (IROS)}, 
  title={Have i reached the intersection: A deep learning-based approach for intersection detection from monocular cameras}, 
  year={2017},
  pages={4495-4500},
  doi={10.1109/IROS.2017.8206317}
  }
@misc{ros-navigation,
  author   = {{ROS Navigation Stack}},
  title    = {ROS Navigation Stack},
  url      = {https://github.com/ros-planning/navigation},
  note     = {Accessed on 25.10.2023}
}
